@article{snli-bowman2015,
  title={A large annotated corpus for learning natural language inference},
  author={Bowman, Samuel R and Angeli, Gabor and Potts, Christopher and Manning, Christopher D},
  journal={arXiv preprint arXiv:1508.05326},
  year={2015}
}

@inproceedings{attention-vaswani2017,
  title={Attention is all you need},
  author={Vaswani, Ashish and Shazeer, Noam and Parmar, Niki and Uszkoreit, Jakob and Jones, Llion and Gomez, Aidan N and Kaiser, {\L}ukasz and Polosukhin, Illia},
  booktitle={Advances in neural information processing systems},
  pages={5998--6008},
  year={2017}
}

@inproceedings{glove-pennington2014,
  title={Glove: Global vectors for word representation},
  author={Pennington, Jeffrey and Socher, Richard and Manning, Christopher D},
  booktitle={Proceedings of the 2014 conference on empirical methods in natural language processing (EMNLP)},
  pages={1532--1543},
  year={2014}
}

@misc{bert-devlin2019,
      title={BERT: Pretraining of Deep Bidirectional Transformers for Language Understanding}, 
      author={Jacob Devlin and Ming-Wei Chang and Kenton Lee and Kristina Toutanova},
      year={2019},
      eprint={1810.04805},
      archivePrefix={arXiv},
      primaryClass={cs.CL}
}

@misc{roberta-liu2019,
      title={RoBERTa: A Robustly Optimized BERT Pretraining Approach}, 
      author={Yinhan Liu and Myle Ott and Naman Goyal and Jingfei Du and Mandar Joshi and Danqi Chen and Omer Levy and Mike Lewis and Luke Zettlemoyer and Veselin Stoyanov},
      year={2019},
      eprint={1907.11692},
      archivePrefix={arXiv},
      primaryClass={cs.CL}
}

@misc{xlm-roberta-conneau2020unsupervised,
      title={Unsupervised Cross-lingual Representation Learning at Scale}, 
      author={Alexis Conneau and Kartikay Khandelwal and Naman Goyal and Vishrav Chaudhary and Guillaume Wenzek and Francisco Guzmán and Edouard Grave and Myle Ott and Luke Zettlemoyer and Veselin Stoyanov},
      year={2020},
      eprint={1911.02116},
      archivePrefix={arXiv},
      primaryClass={cs.CL}
}

@article{lstm-hochreiter1997long,
  title={Long short-term memory},
  author={Hochreiter, Sepp and Schmidhuber, J{\"u}rgen},
  journal={Neural computation},
  volume={9},
  number={8},
  pages={1735--1780},
  year={1997},
  publisher={MIT Press}
}

@misc{rnn-salehinejad2018recent,
      title={Recent Advances in Recurrent Neural Networks}, 
      author={Hojjat Salehinejad and Sharan Sankar and Joseph Barfett and Errol Colak and Shahrokh Valaee},
      year={2018},
      eprint={1801.01078},
      archivePrefix={arXiv},
      primaryClass={cs.NE}
}

@misc{kaggle-dataset,
  title = {Contradictory, My Dear Watson
Detecting contradiction and entailment in multilingual text using TPUs},
  author={Kaggle},
  howpublished = {\url{https://www.kaggle.com/c/contradictory-my-dear-watson/data}},
  note = {Accessed: 2020-12-10, originally provided by Tensorflow Datasets (TFDS)}
}

@article{scikit-learn,
 title={Scikit-learn: Machine Learning in {P}ython},
 author={Pedregosa, F. and Varoquaux, G. and Gramfort, A. and Michel, V.
         and Thirion, B. and Grisel, O. and Blondel, M. and Prettenhofer, P.
         and Weiss, R. and Dubourg, V. and Vanderplas, J. and Passos, A. and
         Cournapeau, D. and Brucher, M. and Perrot, M. and Duchesnay, E.},
 journal={Journal of Machine Learning Research},
 volume={12},
 pages={2825--2830},
 year={2011}
}

@inproceedings{gensim-rehurek_lrec,
      title = {{Software Framework for Topic Modelling with Large Corpora}},
      author = {Radim {\v R}eh{\r u}{\v r}ek and Petr Sojka},
      booktitle = {{Proceedings of the LREC 2010 Workshop on New
           Challenges for NLP Frameworks}},
      pages = {45--50},
      year = 2010,
      month = May,
      day = 22,
      publisher = {ELRA},
      address = {Valletta, Malta},
      note={\url{http://is.muni.cz/publication/884893/en}},
      language={English}
}

@inproceedings{transformers-wolf-etal-2020,
    title = "Transformers: State-of-the-Art Natural Language Processing",
    author = "Thomas Wolf and Lysandre Debut and Victor Sanh and Julien Chaumond and Clement Delangue and Anthony Moi and Pierric Cistac and Tim Rault and Rémi Louf and Morgan Funtowicz and Joe Davison and Sam Shleifer and Patrick von Platen and Clara Ma and Yacine Jernite and Julien Plu and Canwen Xu and Teven Le Scao and Sylvain Gugger and Mariama Drame and Quentin Lhoest and Alexander M. Rush",
    booktitle = "Proceedings of the 2020 Conference on Empirical Methods in Natural Language Processing: System Demonstrations",
    month = oct,
    year = "2020",
    address = "Online",
    publisher = "Association for Computational Linguistics",
    url = "https://www.aclweb.org/anthology/2020.emnlp-demos.6",
    pages = "38--45"
}

@InProceedings{mlni-N18-1101,
  author = "Williams, Adina
            and Nangia, Nikita
            and Bowman, Samuel",
  title = "A Broad-Coverage Challenge Corpus for
           Sentence Understanding through Inference",
  booktitle = "Proceedings of the 2018 Conference of
               the North American Chapter of the
               Association for Computational Linguistics:
               Human Language Technologies, Volume 1 (Long
               Papers)",
  year = "2018",
  publisher = "Association for Computational Linguistics",
  pages = "1112--1122",
  location = "New Orleans, Louisiana",
  url = "http://aclweb.org/anthology/N18-1101"
}